<?xml version="1.0" encoding="UTF-8"?><collection xmlns="http://www.loc.gov/MARC21/slim"><record><leader>00608nam--2200205-i-4500</leader><controlfield tag="001">000032748</controlfield><controlfield tag="002">20161230</controlfield><controlfield tag="005">20161230201039</controlfield><controlfield tag="008">060222s1000------------r-----000-0-rus-d</controlfield><datafield ind1=" " ind2=" " tag="040"><subfield code="a">IFIN-HH</subfield></datafield><datafield ind1=" " ind2=" " tag="041"><subfield code="a">rus</subfield></datafield><datafield ind1=" " ind2=" " tag="080"><subfield code="a">533.9.082.74</subfield></datafield><datafield ind1="1" ind2=" " tag="100"><subfield code="a">Wilhelmsson, H</subfield></datafield><datafield ind1="1" ind2="0" tag="245"><subfield code="a">Kogerentnoe nelineinoe vzaimodeistvie voln v plazme</subfield><subfield code="c">Wilhelmsson, H., Weiland, J</subfield></datafield><datafield ind1=" " ind2=" " tag="260"><subfield code="a">Moskva</subfield><subfield code="b">Energoizdat</subfield><subfield code="c">1981</subfield></datafield><datafield ind1=" " ind2=" " tag="300"><subfield code="a">223 p</subfield></datafield><datafield ind1=" " ind2=" " tag="500"><subfield code="a">Titlul original in lb. engleza: Coherent Non-linear Interaction of Waves in Plasmas</subfield></datafield><datafield ind1="1" ind2=" " tag="700"><subfield code="a">J. Weiland</subfield></datafield><datafield ind1=" " ind2=" " tag="852"><subfield code="a">49522</subfield><subfield code="c">533.9</subfield></datafield><datafield ind1=" " ind2=" " tag="CAT"><subfield code="a">Sys</subfield><subfield code="c">20100930</subfield><subfield code="h">091625</subfield></datafield></record></collection>